=LDR  02141 ai a2200481 a 4500
=001  015120084
=003  Uk
=005  20200306095559.0
=006  m\\\\\\\\d\|\\\\\\
=007  cr||||||||||||
=008  090427c20089999enk\|\\ss\\\\\0\\\a0eng\\
=FMT  \\$a  SE
=040  \\$aUk$beng$cUk
=042  \\$aukblsr
=082  04$a942.37$222
=245  00$aCornwall$h[electronic resource] :$brelated Internet sites.
=336  \\$atext$2rdacontent
=337  \\$acomputer$2rdamedia
=338  \\$aonline resource$2rdacarrier
=538  \\$aMode of access: World Wide Web.
=500  \\$aTitle from UKWAC Web Archive Collections page (viewed on Apr. 27, 2009).
=500  \\$aThese websites have been archived by the British Library as part of the UK Web Archiving Consortium and are located at http://www.webarchive.org.uk/ukwa/collection/.
=520  \\$aThis collection of websites focuses on Cornwall, the most south westerly county in the UK. It is intended to reflect a wide range of related issues such as economy, environment, culture, language, tourism and campaigning groups such as the self governing movement.
=650  \0$aCornish language.
=650  \0$aTourism$zEngland$zCornwall (County)
=650  \0$aArts$zEngland$zCornwall (County)
=651  \0$aCornwall (England : County)$xCivilization.
=651  \0$aCornwall (England : County)$xPolitics and government.
=651  \0$aCornwall (England : County)$xSocial life and customs.
=651  \0$aCornwall (England : County)$xEconomic conditions.
=651  \0$aCornwall (England : County)$xEnvironmental conditions.
=710  2\$aUK Web Archiving Consortium.
=856  40$ahttp://www.webarchive.org.uk/ukwa/collection/5439498/page/1
=859  \\$aXLD$bUK Web Archive
=852  41$aBritish Library$bHMNTS$je-media
=CAT  \\$a8141$b40$c20090427$lBLL01$h1044
=CAT  \\$a8141$b40$c20101109$lBLL01$h1418
=CAT  \\$aWR13.117$c20130718$lBLL01$h1851
=CAT  \\$a11279$b40$c20200306$lBLL01$h0955
=FIN  \\$aY$d20090427
=STA  \\$aSUPPRESSED$bNo longer required, new record created Jan 2020
=TCO  \\$aCLA$bCLA$c008
=LAS  \\$a11279$b40$c20200306$lBLL01$h0955

