=LDR  01987 ai a2200457 a 4500
=001  015120932
=003  Uk
=005  20200306100226.0
=006  m\\\\\\\\d\|\\\\\\
=007  cr||||||||||||
=008  090428c20059999enk\|\\ss\\\\\0\\\a0eng\\
=FMT  \\$a  SE
=040  \\$aUk$beng$cUk
=042  \\$aukblsr
=082  04$a280.40941$222
=245  00$aFree Church$h[electronic resource] :$brelated Internet sites.
=336  \\$atext$2rdacontent
=337  \\$acomputer$2rdamedia
=338  \\$aonline resource$2rdacarrier
=538  \\$aMode of access: World Wide Web.
=500  \\$aTitle from UKWAC Web Archive Collections page (viewed on Oct. 14, 2010).
=500  \\$aThese websites have been archived by the British Library as part of the UK Web Archiving Consortium and are located at http://www.webarchive.org.uk/ukwa/collection/.
=520  \\$aThis collection of websites has been selected around the theme of Nonconformist religion. It includes the websites of individual religious groups as well as websites related to Nonconformist history, buildings, teaching and learning.
=650  \0$aFree churches$zGreat Britain.
=650  \0$aFree churches$zGreat Britain$xHistory.
=650  \0$aDissenters, Religious$zGreat Britain.
=650  \0$aDissenters, Religious$zGreat Britain$xHistory.
=710  2\$aUK Web Archiving Consortium.
=856  40$ahttp://www.webarchive.org.uk/ukwa/collection/10027008/page/1
=859  \\$aXLD$bUK Web Archive
=852  41$aBritish Library$bHMNTS$je-media
=985  \\$aTitle changed from Nonconformist, requested by Web Archiving Team.
=CAT  \\$a8141$b40$c20090428$lBLL01$h1056
=CAT  \\$a11279$b40$c20101014$lBLL01$h0923
=CAT  \\$aWR13.117$c20130718$lBLL01$h1851
=CAT  \\$a11279$b40$c20200306$lBLL01$h0954
=CAT  \\$a11279$b40$c20200306$lBLL01$h1002
=FIN  \\$aY$d20090428
=STA  \\$aSUPPRESSED$bCollection withdrawn from web archive
=TCO  \\$aCLA$bCLA$c008
=LAS  \\$a11279$b40$c20200306$lBLL01$h1002

