=LDR  01983 ai a2200445 a 4500
=001  015171755
=003  Uk
=005  20200306101315.0
=006  m\\\\\\\\d\|\\\\\\
=007  cr||||||||||||
=008  090429c20089999enk\|\\ss\\\\\0\\\a0eng\\
=FMT  \\$a  SE
=040  \\$aUk$beng$cUk
=042  \\$aukblsr
=082  04$a796.48$222
=245  00$aOlympic and Paralympic Games 2012$h[electronic resource] :$brelated Internet sites.
=336  \\$atext$2rdacontent
=337  \\$acomputer$2rdamedia
=338  \\$aonline resource$2rdacarrier
=538  \\$aMode of access: World Wide Web.
=500  \\$aTitle from UKWAC Web Archive Collections page (viewed on Apr. 29, 2009).
=500  \\$aThese websites have been archived by the British Library as part of the UK Web Archiving Consortium and are located at http://www.webarchive.org.uk/ukwa/collection/.
=520  \\$aThe websites in this collection have been selected to reflect all aspects of the 2012 Games including the social and economic impact as well as the event itself. The collection includes websites of official bodies, relevant local councils, opinion forums and company websites.
=611  20$aOlympic Games$n(30th :$d2012 :$cLondon, England)
=611  20$aParalympics.
=650  \0$aOlympics$xEconomic aspects$zEngland$zLondon.
=650  \0$aOlympics$xSocial aspects$zEngland$zLondon.
=650  \0$aOlympics$xPolitical aspects$zEngland$zLondon.
=710  2\$aUK Web Archiving Consortium.
=856  40$ahttp://www.webarchive.org.uk/ukwa/collection/4325386/page/1
=859  \\$aXLD$bUK Web Archive
=852  41$aBritish Library$bHMNTS$jE-media
=CAT  \\$a8141$b40$c20090429$lBLL01$h0932
=CAT  \\$a8141$b40$c20090615$lBLL01$h1055
=CAT  \\$aWR13.117$c20130718$lBLL01$h1851
=CAT  \\$a11279$b40$c20200306$lBLL01$h1013
=FIN  \\$aY$d20090429
=STA  \\$aSUPPRESSED$bNo longer required, new record created Jan 2020
=TCO  \\$aCLA$bCLA$c008
=LAS  \\$a11279$b40$c20200306$lBLL01$h1013

