=LDR  02432 am a22005293a 4500
=001  013178267
=003  Uk
=005  20200306100535.0
=006  m\\\\|\\\d\|\\\\\\
=007  cr||||||||||||
=008  050418m2005\\\\enk||||\s||||\00|\0\eng\\
=FMT  \\$a  BK
=040  \\$aUk$beng$cUk
=082  04$a551.463715$222
=245  00$aIndian Ocean tsunami December 2004$h[electronic resource] :$brelated Internet sites.
=336  \\$atext$2rdacontent
=337  \\$acomputer$2rdamedia
=338  \\$aonline resource$2rdacarrier
=520  \\$aCollection of 22 Internet sites documenting the effects, aftermath and human responses to the 26 December 2004 tsunami disaster in Asia. The sites archived include those of aid organisations, charities, sites set up to raise relief donations, those established to record personal experiences, and the response of religious communites to this event. Sites collected between January-March 2005.
=500  \\$aThese web sites have been archived by the UK Web Archiving Consortium.
=650  \0$aIndian Ocean Tsunami, 2004.
=650  \0$aIndian Ocean Tsunami, 2004$xSocial aspects.
=650  \0$aIndian Ocean Tsunami, 2004$xEconomic aspects.
=650  \0$aIndian Ocean Tsunami, 2004$xEnvironmental aspects.
=650  \0$aNatural disasters$zIndian Ocean Region.
=650  \0$aHumanitarian assistance, British$zIndian Ocean Region.
=650  \0$aDisaster relief$zIndian Ocean Region.
=710  2\$aUK Web Archiving Consortium.
=856  40$uhttp://www.webarchive.org.uk/ukwa/collection/99326/page/1/source/collection
=859  \\$aXLD$bUK Web Archive
=852  41$aBritish Library$bHMNTS$je-media
=985  \\$aInitial title: Tsunami disaster, Indian Ocean 2004
=CAT  \\$a8141$b40$c20050418$lBLL01$h1359
=CAT  \\$a11279$b40$c20050601$lBLL01$h1345
=CAT  \\$a11279$b40$c20050606$lBLL01$h0915
=CAT  \\$a11279$b40$c20050606$lBLL01$h0931
=CAT  \\$a11279$b40$c20050606$lBLL01$h0933
=CAT  \\$a11279$b40$c20060216$lBLL01$h1423
=CAT  \\$a11279$b40$c20060216$lBLL01$h1429
=CAT  \\$a8141$b40$c20101109$lBLL01$h1338
=CAT  \\$a11279$b40$c20130717$lBLL01$h1204
=CAT  \\$a11279$b40$c20130717$lBLL01$h1208
=CAT  \\$aWR13.117$c20130718$lBLL01$h1851
=CAT  \\$a11279$b40$c20200306$lBLL01$h1005
=FIN  \\$aY$d20050418
=STA  \\$aSUPPRESSED$bNo longer required, new record created Jan 2020
=LAS  \\$a11279$b40$c20200306$lBLL01$h1005

