=LDR  02380 am a22005053a 4500
=001  013220321
=003  Uk
=005  20200306101605.0
=006  m\\\\|\\\d|\||||||
=007  cr||||||||||||
=008  050614m2005\\\\enk||||\s||||\00|\0\eng\\
=FMT  \\$a  BK
=040  \\$aUk$beng$cUk
=082  04$a324.941086$222
=245  00$aUK general election 2005$h[electronic resource] :$brelated Internet sites.
=336  \\$atext$2rdacontent
=337  \\$acomputer$2rdamedia
=338  \\$aonline resource$2rdacarrier
=538  \\$aMode of access: World Wide Web.
=500  \\$aTitle from UKWAC Web Archive Collections page (viewed on 14 June, 2005).
=520  \\$a"Collection of Internet sites with electoral content archived during and immediately after the UK general election campaign of 2005. The collection comprises a sample of candidates' campaign sites and blogs, local and national party sites, opinion polls, news and commentary, and the manifestos of a range of interest groups." - UKWAC website.
=500  \\$aThese web sites have been archived by the British Library as part of the work of the UK Web Archiving Consortium and are located at http://www.webarchive.org.uk/ukwa/collection.
=610  10$aGreat Britain.$bParliament.$bHouse of Commons$xElections, 2005.
=650  \0$aElections$zGreat Britain.
=650  \0$aCampaign literature$zGreat Britain.
=650  \0$aPolitical parties$zGreat Britain$vPlatforms.
=650  \0$aPolitical candidates$zGreat Britain.
=651  \0$aGreat Britain$xPolitics and government$y21st century.
=710  2\$aUK Web Archiving Consortium.
=856  40$uhttp://www.webarchive.org.uk/ukwa/collection/99035/page/1
=859  \\$aXLD$bUK Web Archive
=852  41$aBritish Library$bHMNTS$je-media
=985  \\$aInitial title: General election 2005
=CAT  \\$a8141$b40$c20050614$lBLL01$h1438
=CAT  \\$a11279$b40$c20050615$lBLL01$h0952
=CAT  \\$a11279$b40$c20050615$lBLL01$h1104
=CAT  \\$a11279$b40$c20060216$lBLL01$h1430
=CAT  \\$a8141$b40$c20101109$lBLL01$h1406
=CAT  \\$a8141$b40$c20101109$lBLL01$h1407
=CAT  \\$a8141$b40$c20101116$lBLL01$h0906
=CAT  \\$aWR13.117$c20130718$lBLL01$h1851
=CAT  \\$a11279$b40$c20200306$lBLL01$h1016
=FIN  \\$aY$d20050614
=STA  \\$aSUPPRESSED$bNo longer required, new record created Jan 2020
=LAS  \\$a11279$b40$c20200306$lBLL01$h1016

