=LDR  01940 am a22004213a 4500
=001  013458599
=003  Uk
=005  20200306101031.0
=006  m\\\\|\\\d\|\\\\\\
=007  cr||||||||||||
=008  060502s2005\\\\enk||||\s||||\00|\0\eng\\
=FMT  \\$a  BK
=040  \\$aUk$beng$cUk
=082  04$a305.40941$222
=245  00$aWomen's issues$h[electronic resource] :$brelated Internet sites.
=336  \\$atext$2rdacontent
=337  \\$acomputer$2rdamedia
=338  \\$aonline resource$2rdacarrier
=520  \\$aCollection of Internet sites about women and girls in the UK. These include sites of women's organisations and campaigns, research reports, government publications and statistics pertaining to women, personal sites of women, such as blogs, and women focused e-zines.
=500  \\$aThis collection of web sites about women's issues is maintained by the British Library in collaboration with the Women's Library, London Metropolitan University.
=500  \\$aThese web sites have been archived by the British Library as part of the UK Web Archiving Consortium and are located at http://www.webarchive.org.uk/ukwa/collection.
=650  \0$aWomen$zGreat Britain.
=690  7\$aSocial Welfare$2blcoll
=710  2\$aUK Web Archiving Consortium.
=710  2\$aWomen's Library (Great Britain)
=856  40$uhttp://www.webarchive.org.uk/ukwa/collection/98537/page/1
=859  \\$aXLD$bUK Web Archive
=852  41$aBritish Library$bHMNTS$je-media
=CAT  \\$a8141$b40$c20060502$lBLL01$h1157
=CAT  \\$a11279$b40$c20081215$lBLL01$h1322
=CAT  \\$a8141$b40$c20101109$lBLL01$h1427
=CAT  \\$aBATCH$b00$c20110625$lBLL01$h0520
=CAT  \\$aBATCH-SWP4$c20110627$lBLL01$h1602
=CAT  \\$aWR13.117$c20130718$lBLL01$h1851
=CAT  \\$a11279$b40$c20200306$lBLL01$h1010
=FIN  \\$aY$d20060502
=STA  \\$aSUPPRESSED$bNo longer required, new record created Jan 2020
=LAS  \\$a11279$b40$c20200306$lBLL01$h1010

