=LDR  02274 am a2200457 a 4500
=001  015176987
=003  Uk
=005  20200306101007.0
=006  m\\\\|\\\d\|\\\\\\
=007  cr||||||||||||
=008  090507s2008\\\\enk||||\s\\\\\000\0\eng\\
=FMT  \\$a  BK
=040  \\$aUk$beng$cUk
=042  \\$aukblsr
=082  04$a324.9421090511$222
=245  00$aLondon mayoral election 2008$h[electronic resource].
=336  \\$atext$2rdacontent
=337  \\$acomputer$2rdamedia
=338  \\$aonline resource$2rdacarrier
=538  \\$aMode of access: World Wide Web.
=500  \\$aTitle from UKWAC Web Archive Collections page (viewed on May 7, 2009).
=500  \\$aThese websites have been archived by the British Library as part of the UK Web Archiving Consortium and are located at http://www.webarchive.org.uk/ukwa/collection/.
=520  \\$a"This collection of websites focuses on the election for the office of Mayor of London 2008. The election was the third London mayoral election, the previous elections being the first election in May 2000 and the second election in June 2004. The third election, the focus of this collection, was held on 1 May 2008 and was won by Conservative party candidate Boris Johnson. The collection includes websites of the main candidates, as well as opinion sites and commentaries. Sites were gathered from the 1st April 2008 until 31st May 2008." - UKWAC website.
=610  10$aLondon (England).$bMayor$xElections.
=610  20$aLondon Assembly$xElections.
=650  \0$aElections$zEngland$zLondon.
=650  \0$aPolitical candidates$zEngland$zLondon.
=651  \0$aLondon (England)$xPolitics and government.
=710  2\$aLondon Assembly.
=710  2\$aUK Web Archiving Consortium.
=856  40$uhttp://www.webarchive.org.uk/ukwa/collection/4325385/page/1
=859  \\$aXLD$bUK Web Archive
=852  41$aBritish Library$bHMNTS$je-media
=CAT  \\$a8141$b40$c20090507$lBLL01$h0915
=CAT  \\$a8141$b40$c20101109$lBLL01$h1342
=CAT  \\$aWR13.117$c20130718$lBLL01$h1851
=CAT  \\$aBATCH-UPD$b00$c20150302$lBLL01$h2044
=CAT  \\$a11279$b40$c20200306$lBLL01$h1010
=FIN  \\$aY$d20090507
=STA  \\$aSUPPRESSED$bNo longer required, new record created Jan 2020
=LAS  \\$a11279$b40$c20200306$lBLL01$h1010

