=LDR  01962 am a22004213a 4500
=001  013667520
=003  Uk
=005  20200306100507.0
=006  m\\\\|\\\d\|\\\\\\
=007  cr||||||||||||
=008  070208s2005\\\\enk||||\s||||\00|\0\eng\\
=040  \\$aUk$beng$cUk
=082  04$a363.32593884094210951$222
=245  00$aLondon terrorist attack 7th July 2005$h[electronic resource] :$brelated Internet sites.
=336  \\$atext$2rdacontent
=337  \\$acomputer$2rdamedia
=338  \\$aonline resource$2rdacarrier
=500  \\$aThese web sites have been archived by the British Library as part of the UK Web Archiving Consortium and are located at http://www.webarchive.org.uk/ukwa/collection.
=520  \\$a"Collection of Internet sites with content about the terrorist attacks in London on July 7th 2005 begun immediately after the event. The collection comprises news and commentary, public information and support for victims and weblogs written by those who had first hand experience of the bombs." - UKWAC website.
=650  \0$aLondon Terrorist Bombings, London, England, 2005.
=650  \0$aVictims of terrorism$zEngland$zLondon.
=650  \0$aSuicide bombings$zEngland$zLondon.
=710  2\$aUK Web Archiving Consortium.
=852  41$aBritish Library$bHMNTS$je-media
=856  40$uhttp://www.webarchive.org.uk/ukwa/collection/100757/page/1
=859  \\$aXLD$bUK Web Archive
=985  \\$aInitial title: Terrorist attack - London, 7th July 2005
=CAT  \\$a8141$b40$c20070208$lBLL01$h0912
=CAT  \\$a11279$b40$c20070411$lBLL01$h0930
=CAT  \\$a11279$b40$c20080408$lBLL01$h1423
=CAT  \\$a8141$b40$c20101109$lBLL01$h1356
=CAT  \\$a11279$b40$c20110209$lBLL01$h1317
=CAT  \\$aWR13.117$c20130718$lBLL01$h1851
=CAT  \\$a11279$b40$c20200306$lBLL01$h1005
=FIN  \\$aY$d20070208
=FMT  \\$a  BK
=LAS  \\$a11279$b40$c20200306$lBLL01$h1005
=STA  \\$aSUPPRESSED$bNo longer required, new record created Jan 2020

