=LDR  02261 am a22004693a 4500
=001  013667562
=003  Uk
=005  20200306100923.0
=006  m\\\\|\\\d\|\\\\\\
=007  cr||||||||||||
=008  070208s2005\\\\enk||||\s||||\00|\0\eng\\
=040  \\$aUk$beng$cUk
=082  04$a980.033$222
=245  00$aLatin America UK$h[electronic resource] :$brelated Internet sites.
=336  \\$atext$2rdacontent
=337  \\$acomputer$2rdamedia
=338  \\$aonline resource$2rdacarrier
=500  \\$aThese web sites have been archived by the British Library as part of the UK Web Archiving Consortium and are located at http://www.webarchive.org.uk/ukwa/collection.
=520  \\$a"A collection of Internet sites produced by Latin American communities in the UK or by UK organisations with direct links to these communities and to the region. The sites archived include those of charities, educational and support groups, solidarity campaigns, Anglo-Latin American societies, news and information services for Latin Americans in the UK, commercial and cultural organisations and one-off events." - UKWAC website.
=650  \0$aLatin Americans$zGreat Britain$xSocieties, etc.
=650  \0$aStreet children$xServices for$zLatin America.
=651  \0$aLatin America$xPolitics and government$y21st century.
=651  \0$aLatin America$xSocial conditions$y21st century.
=651  \0$aLatin America$xSocial life and customs
=651  \0$aLatin America$vPictorial works.
=710  2\$aUK Web Archiving Consortium.
=852  41$aBritish Library$bHMNTS$je-media
=856  40$uhttp://www.webarchive.org.uk/ukwa/collection/119539/page/1
=859  \\$aXLD$bUK Web Archive
=CAT  \\$a8141$b40$c20070208$lBLL01$h0937
=CAT  \\$a8141$b40$c20070208$lBLL01$h0953
=CAT  \\$a11279$b40$c20070411$lBLL01$h0929
=CAT  \\$a11279$b40$c20080408$lBLL01$h1422
=CAT  \\$a8141$b40$c20101109$lBLL01$h1340
=CAT  \\$a8141$b40$c20101109$lBLL01$h1423
=CAT  \\$a11279$b40$c20110209$lBLL01$h1317
=CAT  \\$aWR13.117$c20130718$lBLL01$h1851
=CAT  \\$a11279$b40$c20200306$lBLL01$h1009
=FIN  \\$aY$d20070208
=FMT  \\$a  BK
=LAS  \\$a11279$b40$c20200306$lBLL01$h1009
=STA  \\$aSUPPRESSED$bNo longer required, new record created Jan 2020

