=LDR  02508 am a22004573a 4500
=001  013667599
=003  Uk
=005  20160921104714.0
=006  m\\\\|\\\d\|\\\\\\
=007  cr||||||||||||
=008  070208s2006\\\\enk||||\s||||\00|\0\eng\\
=040  \\$aUk$beng$cUk
=082  04$a940.5481$222
=245  00$aWW2 people's war$h[electronic resource] :$ban archive of World War Two memories, written by the public, gathered by the BBC.
=336  \\$atext$2rdacontent
=337  \\$acomputer$2rdamedia
=338  \\$aonline resource$2rdacarrier
=500  \\$aThis website has been archived by the British Library as part of the UK Web Archiving Consortium and is located at http://www.webarchive.org.uk/pan/13310/20060522/www.bbc.co.uk/ww2peopleswar/index.html$5Uk
=520  \\$aA collection of over 47,000 stories and 15,000 images relating to every aspect of life during World War Two. The stories were gathered on the BBC's WW2 People's War website between November 2003 and January 2006, and were contributed by those who lived and fought during the war and their families. The 189 archive categories cover themes such as Bombing and the Blitz, national and global locations, the Armed Forces, Volunteer Organisations, Internment and Occupation, and key events such as D-Day, the Battle of Britain and El Alamein.
=650  \0$aWorld War, 1939-1945$zGreat Britain$vPersonal narratives.
=650  \0$aWorld War, 1939-1945$vPersonal narratives, British.
=650  \0$aWorld War, 1939-1945$xSocial aspects$zGreat Britain.
=650  \0$aWorld War, 1939-1945$vPictorial works.
=710  2\$aUK Web Archiving Consortium.
=710  2\$aBritish Broadcasting Corporation.
=852  41$aBritish Library$bHMNTS$je-media
=856  40$uhttp://www.webarchive.org.uk/ukwa/target/114827/source/subject
=859  \\$aXLD$bUK Web Archive
=985  \\$aThis was not a true collection level record and can't be set to link to the web page, therefore suppressed from Explore (AG)
=CAT  \\$a8141$b40$c20070208$lBLL01$h1000
=CAT  \\$a7750$b40$c20070209$lBLL01$h0918
=CAT  \\$a11279$b40$c20070411$lBLL01$h0929
=CAT  \\$a11279$b40$c20080408$lBLL01$h1435
=CAT  \\$aWR13.117$c20130718$lBLL01$h1851
=CAT  \\$a11279$b40$c20150212$lBLL01$h1442
=CAT  \\$a11279$b40$c20150430$lBLL01$h1346
=CAT  \\$a11279$b40$c20160921$lBLL01$h1047
=FIN  \\$aY$d20070208
=FMT  \\$a  BK
=LAS  \\$a11279$b40$c20160921$lBLL01$h1047
=STA  \\$aSUPPRESSED$bCollection withdrawn from web archive

