=LDR  02150 am a22004693a 4500
=001  013731631
=003  Uk
=005  20200306100634.0
=006  m\\\\|\\\d\|\\\\\\
=007  cr||||||||||||
=008  070425s2006\\\\enk||||\s||||\00|\0\eng\\
=040  \\$aUk$beng$cUk
=082  04$a362.19620300941$222
=245  00$aPandemic influenza$h[electronic resource] :$brelated Internet sites.
=336  \\$atext$2rdacontent
=337  \\$acomputer$2rdamedia
=338  \\$aonline resource$2rdacarrier
=500  \\$aThese web sites have been archived by the British Library as part of the UK Web Archiving Consortium and are located at http://www.webarchive.org.uk/ukwa/collection
=520  \\$a"This collection of websites was initiated in 2005 to contingency plan around any possible outbreak of Avian flu in the UK. It has since been expanded to include all types of Pandemic flu such as the Swine flu outbreak of 2009. The collection contains public advisory sites produced by the Government alongside news and commentary." - UKWAC website.
=650  \0$aAvian influenza$zGreat Britain$xPrevention.
=650  \0$aAvian influenza$xGovernment policy$zGreat Britain.
=650  \0$aInfluenza$xGovernment policy$zGreat Britain.
=650  \0$aEmergency management$zGreat Britain.
=650  \0$aAvian influenza.
=690  7\$aSocial Welfare$2blcoll
=710  2\$aUK Web Archiving Consortium.
=852  41$aBritish Library$bHMNTS$je-media
=856  40$uhttp://www.webarchive.org.uk/ukwa/collection/116179/page/1
=859  \\$aXLD$bUK Web Archive
=985  \\$aInitial title: Avian and pandemic influenza
=CAT  \\$a8141$b40$c20070425$lBLL01$h1123
=CAT  \\$a8141$b40$c20070425$lBLL01$h1131
=CAT  \\$a8141$b40$c20070510$lBLL01$h1106
=CAT  \\$a8141$b40$c20101109$lBLL01$h1401
=CAT  \\$aBATCH$b00$c20110625$lBLL01$h0528
=CAT  \\$aBATCH-SWP4$c20110627$lBLL01$h1611
=CAT  \\$aWR13.117$c20130718$lBLL01$h1851
=CAT  \\$a11279$b40$c20200306$lBLL01$h1006
=FIN  \\$aY$d20070425
=FMT  \\$a  BK
=LAS  \\$a11279$b40$c20200306$lBLL01$h1006
=STA  \\$aSUPPRESSED$bNo longer required, new record created Jan 2020

