=LDR  02312 am a2200457 a 4500
=001  015689399
=003  Uk
=005  20200306101527.0
=006  m\\\\|\\\d\|\\\\\\
=007  cr||||||||||||
=008  101109s2010\\\\enk||||\s\\\\|0||\0|eng\\
=040  \\$aUk$beng$cUk
=042  \\$aukblsr
=082  04$a324.940561$222
=245  00$aEuropean Parliament elections 2009$h[electronic resource] :$brelated Internet sites.
=336  \\$atext$2rdacontent
=337  \\$acomputer$2rdamedia
=338  \\$aonline resource$2rdacarrier
=500  \\$aTitle from UKWAC Web Archive Collections page (viewed on Nov. 9, 2010).
=500  \\$aThese websites have been archived by the British Library as part of the UK Web Archiving Consortium and are located at http://www.webarchive.org.uk/ukwa/collection.
=520  \\$a"Collection of around 200 Internet sites formed during and immediately after the European Parliament election campaign of 2009. It consists of a representative sample of Pan-European, national and regional political party sites, candidates campaign sites and blogs, manifestos of civil society organisations at national and European level, and comment from the traditional press, political analysts in academia, and individuals and communities sharing their thoughts online." - UKWAC website.
=538  \\$aMode of access: World Wide Web.
=610  20$aEuropean Parliament$xElections, 2009.
=610  20$aEuropean Parliament$xElections, 2009$xPress coverage..
=650  \0$aPolitical campaigns$zGreat Britain.
=650  \0$aPolitical parties$zGreat Britain.
=650  \0$aElections$xPress coverage$zEuropean Union countries.
=651  \0$aGreat Britain$xPolitics and government$y21st century.
=710  2\$aUK Web Archiving Consortium.
=852  41$aBritish Library$bHMNTS$jE-media
=856  40$uhttp://www.webarchive.org.uk/ukwa/collection/28180520/page/1
=859  \\$aXLD$bUK Web Archive
=CAT  \\$a8141$b40$c20101109$lBLL01$h0926
=CAT  \\$a8141$b40$c20101109$lBLL01$h0946
=CAT  \\$a11279$b40$c20110209$lBLL01$h1314
=CAT  \\$aWR13.117$c20130718$lBLL01$h1851
=CAT  \\$a11279$b40$c20200306$lBLL01$h1015
=FIN  \\$aY$d20101109
=FMT  \\$a  BK
=LAS  \\$a11279$b40$c20200306$lBLL01$h1015
=STA  \\$aSUPPRESSED$bNo longer required, new record created Jan 2020

