=LDR  02357 am a2200421 a 4500
=001  015689493
=003  Uk
=005  20200306100946.0
=006  m\\\\|\\\d\|\\\\\\
=007  cr||||||||||||
=008  101109s2010\\\\enk||||\s\\\\|0||\0|eng\\
=040  \\$aUk$beng$cUk
=042  \\$aukblsr
=082  04$a702.81$222
=245  00$aLive art$h[electronic resource] :$brelated Internet sites.
=336  \\$atext$2rdacontent
=337  \\$acomputer$2rdamedia
=338  \\$aonline resource$2rdacarrier
=500  \\$aTitle from UKWAC Web Archive Collections page (viewed on Nov. 9, 2010).
=500  \\$aThese websites have been archived by the British Library as part of the UK Web Archiving Consortium and are located at http://www.webarchive.org.uk/ukwa/collection.
=520  \\$a"The Live Art Collection was initiated in late 2008 and is maintained by the British Library in collaboration with the Live Art Development Agency, London. Live Art is an innovative exploratory approach to contemporary performance practices. The range of websites in this collection includes organizations supporting, promoting and curating Live Art; artists' websites; sites that are artistic or project-driven by their nature; blogsites and online spaces engaging in critical reviews; through to online archival sites relating to Live Art. This collection represents the diverse practices and approaches of artists today and the support and critical frameworks that exist to support, promote and comment upon Live Art and the ephemeral nature of this area of practice." - UKWAC website.
=538  \\$aMode of access: World Wide Web.
=650  \0$aPerformance art$zGreat Britain.
=650  \0$aPerformance artists$zGreat Britain.
=710  2\$aUK Web Archiving Consortium.
=710  2\$aLive Art Development Agency.
=852  41$aBritish Library$bHMNTS$jE-media
=856  40$uhttp://www.webarchive.org.uk/ukwa/collection/26312782/page/1
=859  \\$aXLD$bUK Web Archive
=CAT  \\$a8141$b40$c20101109$lBLL01$h1049
=CAT  \\$a8141$b40$c20101109$lBLL01$h1055
=CAT  \\$a11279$b40$c20110209$lBLL01$h1315
=CAT  \\$aWR13.117$c20130718$lBLL01$h1851
=CAT  \\$a11279$b40$c20200306$lBLL01$h1009
=FIN  \\$aY$d20101109
=FMT  \\$a  BK
=LAS  \\$a11279$b40$c20200306$lBLL01$h1009
=STA  \\$aSUPPRESSED$bNo longer required, new record created Jan 2020

