=LDR  01671 am a2200421 a 4500
=001  015689557
=003  Uk
=005  20200306095328.0
=006  m\\\\|\\\d\|\\\\\\
=007  cr||||||||||||
=008  101109s2010\\\\enk||||\s\\\\|0||\0|eng\\
=040  \\$aUk$beng$cUk
=042  \\$aukblsr
=082  04$a613.04234$222
=245  00$aMen's issues$h[electronic resource] :$brelated Internet sites.
=336  \\$atext$2rdacontent
=337  \\$acomputer$2rdamedia
=338  \\$aonline resource$2rdacarrier
=500  \\$aTitle from UKWAC Web Archive Collections page (viewed on Nov. 9, 2010).
=500  \\$aThese websites have been archived by the British Library as part of the UK Web Archiving Consortium and are located at http://www.webarchive.org.uk/ukwa/collection.
=520  \\$a"A collection of sites designed to address issues that affect men. Includes health, social and personal issues." - UKWAC website.
=538  \\$aMode of access: World Wide Web.
=650  \0$aMen$xHealth and hygiene.
=650  \0$aMen$xDiseases.
=650  \0$aEating disorders in men.
=710  2\$aUK Web Archiving Consortium.
=852  41$aBritish Library$bHMNTS$jE-media
=856  40$uhttp://www.webarchive.org.uk/ukwa/collection/113919/page/1
=859  \\$aXLD$bUK Web Archive
=CAT  \\$a8141$b40$c20101109$lBLL01$h1126
=CAT  \\$a8141$b40$c20101109$lBLL01$h1213
=CAT  \\$a11279$b40$c20110209$lBLL01$h1312
=CAT  \\$aWR13.117$c20130718$lBLL01$h1851
=CAT  \\$a11279$b40$c20200306$lBLL01$h0953
=FIN  \\$aY$d20101109
=FMT  \\$a  BK
=LAS  \\$a11279$b40$c20200306$lBLL01$h0953
=STA  \\$aSUPPRESSED$bNo longer required, new record created Jan 2020

