=LDR  01680 am a2200409 a 4500
=001  015689588
=003  Uk
=005  20200306095513.0
=006  m\\\\|\\\d\|\\\\\\
=007  cr||||||||||||
=008  101109s2010\\\\enk||||\s\\\\|0||\0|eng\\
=040  \\$aUk$beng$cUk
=042  \\$aukblsr
=082  04$a616.89$222
=245  00$aMental health$h[electronic resource] :$brelated Internet sites.
=336  \\$atext$2rdacontent
=337  \\$acomputer$2rdamedia
=338  \\$aonline resource$2rdacarrier
=500  \\$aTitle from UKWAC Web Archive Collections page (viewed on Nov. 9, 2010).
=500  \\$aThese websites have been archived by the British Library as part of the UK Web Archiving Consortium and are located at http://www.webarchive.org.uk/ukwa/collection.
=520  \\$a"A collection of sites looking at websites addressing issues of mental health and its effects. Includes mental health issues as well as support and research organisations." - UKWAC website.
=538  \\$aMode of access: World Wide Web.
=650  \0$aMental health.
=650  \0$aMental illness.
=710  2\$aUK Web Archiving Consortium.
=852  41$aBritish Library$bHMNTS$jE-media
=856  40$uhttp://www.webarchive.org.uk/ukwa/collection/2850819/page/1
=859  \\$aXLD$bUK Web Archive
=CAT  \\$a8141$b40$c20101109$lBLL01$h1144
=CAT  \\$a8141$b40$c20101109$lBLL01$h1212
=CAT  \\$a11279$b40$c20110209$lBLL01$h1314
=CAT  \\$aWR13.117$c20130718$lBLL01$h1851
=CAT  \\$a11279$b40$c20200306$lBLL01$h0955
=FIN  \\$aY$d20101109
=FMT  \\$a  BK
=LAS  \\$a11279$b40$c20200306$lBLL01$h0955
=STA  \\$aSUPPRESSED$bNo longer required, new record created Jan 2020

