=LDR  01959 am a2200481 a 4500
=001  015689639
=003  Uk
=005  20200306100236.0
=006  m\\\\|\\\d\|\\\\\\
=007  cr||||||||||||
=008  101109s2010\\\\enk||||\s\\\\|0||\0|eng\\
=040  \\$aUk$beng$cUk
=042  \\$aukblsr
=082  04$a305.9087$222
=245  00$aPersonal experiences of illness$h[electronic resource] :$brelated Internet sites.
=336  \\$atext$2rdacontent
=337  \\$acomputer$2rdamedia
=338  \\$aonline resource$2rdacarrier
=500  \\$aTitle from UKWAC Web Archive Collections page (viewed on Nov. 9, 2010).
=500  \\$aThese websites have been archived by the British Library as part of the UK Web Archiving Consortium and are located at http://www.webarchive.org.uk/ukwa/collection.
=520  \\$a"A collection created to record individuals experiences of illness, their interaction with health professionals and their feelings of how their condition has affected their lives." - UKWAC website.
=538  \\$aMode of access: World Wide Web.
=650  \0$aSick$vBiography.
=650  \0$aSick$xPsychology.
=650  \0$aDiseases$xTreatment.
=650  \0$aCare of the sick.
=690  7\$aSocial Welfare$2blcoll
=710  2\$aUK Web Archiving Consortium.
=852  41$aBritish Library$bHMNTS$jE-media
=856  40$uhttp://www.webarchive.org.uk/ukwa/collection/98492/page/1
=859  \\$aXLD$bUK Web Archive
=CAT  \\$a8141$b40$c20101109$lBLL01$h1210
=CAT  \\$a11279$b40$c20110209$lBLL01$h1313
=CAT  \\$aBATCH$b00$c20110625$lBLL01$h0553
=CAT  \\$aBATCH-SWP4$c20110627$lBLL01$h1637
=CAT  \\$aWR13.117$c20130718$lBLL01$h1851
=CAT  \\$a11279$b40$c20200306$lBLL01$h0954
=CAT  \\$a11279$b40$c20200306$lBLL01$h1000
=CAT  \\$a11279$b40$c20200306$lBLL01$h1002
=FIN  \\$aY$d20101109
=FMT  \\$a  BK
=LAS  \\$a11279$b40$c20200306$lBLL01$h1002
=STA  \\$aSUPPRESSED$bCollection withdrawn from web archive

