=LDR  02264 am a2200457 a 4500
=001  015694850
=003  Uk
=005  20200306101357.0
=006  m\\\\|\\\d\|\\\\\\
=007  cr||||||||||||
=008  101116s2010\\\\enk||||\s\\\\|0||\0|eng\\
=040  \\$aUk$beng$cUk
=042  \\$aukblsr
=082  04$a324.941086$222
=245  00$aUK general election 2010$h[electronic resource] :$brelated Internet sites.
=336  \\$atext$2rdacontent
=337  \\$acomputer$2rdamedia
=338  \\$aonline resource$2rdacarrier
=500  \\$aTitle from UKWAC Web Archive Collections page (viewed on 16 Nov., 2010).
=500  \\$aThese websites have been archived by the British Library as part of the UK Web Archiving Consortium and are located at http://www.webarchive.org.uk/ukwa/collection.
=520  \\$a"Collection of Internet sites with electoral content archived during and immediately after the UK General Election campaign of 2010. The collection comprises a sample of candidate's campaign sites and weblogs, local and national party sites, opinion polls, news and commentary, regulatory materials and the campaign websites and manifestos of a range of interest groups. Many of the sites chosen encourage public engagement and interactivity." - UKWAC website.
=538  \\$aMode of access: World Wide Web.
=610  10$aGreat Britain.$bParliament.$bHouse of Commons$xElections, 2010.
=650  \0$aElections$zGreat Britain.
=650  \0$aElections$zBlogs$zGreat Britain.
=650  \0$aCampaign literature$zGreat Britain.
=650  \0$aPolitical parties$zGreat Britain$vPlatforms.
=650  \0$aPolitical candidates$zGreat Britain.
=651  \0$aGreat Britain$xPolitics and government$y21st century.
=710  2\$aUK Web Archiving Consortium.
=852  41$aBritish Library$bHMNTS$jE-media
=856  40$uhttp://www.webarchive.org.uk/ukwa/collection/33193986/page/1
=859  \\$aXLD$bUK Web Archive
=CAT  \\$a8141$b40$c20101116$lBLL01$h0924
=CAT  \\$a11279$b40$c20110209$lBLL01$h1313
=CAT  \\$aWR13.117$c20130718$lBLL01$h1851
=CAT  \\$a11279$b40$c20200306$lBLL01$h1013
=FIN  \\$aY$d20101116
=FMT  \\$a  BK
=LAS  \\$a11279$b40$c20200306$lBLL01$h1013
=STA  \\$aSUPPRESSED$bNo longer required, new record created Jan 2020

