=LDR  02037 am a2200445 a 4500
=001  015694938
=003  Uk
=005  20200306101336.0
=006  m\\\\|\\\d\|\\\\\\
=007  cr||||||||||||
=008  101116s2010\\\\enk||||\s\\\\|0||\0|eng\\
=040  \\$aUk$beng$cUk
=042  \\$aukblsr
=082  04$a576.82092$222
=245  00$aDarwin 200$h[electronic resource] :$brelated Internet sites.
=336  \\$atext$2rdacontent
=337  \\$acomputer$2rdamedia
=338  \\$aonline resource$2rdacarrier
=500  \\$aTitle from UKWAC Web Archive Collections page (viewed on 16 Nov., 2010).
=500  \\$aThese websites have been archived by the British Library as part of the UK Web Archiving Consortium and are located at http://www.webarchive.org.uk/ukwa/collection.
=520  \\$a"The year 2009 marked the 200th anniversary of the birth of evolutionary biologist Charles Darwin and the 150th anniversary of the publication of his seminal work, 'On the Origin of Species'. A series of events was held globally to celebrate the 'Year of Darwin 2009' and to promote science in general. This collection of websites was selected around this theme." - UKWAC website.
=538  \\$aMode of access: World Wide Web.
=600  10$aDarwin, Charles,$d1809-1882.
=600  10$aDarwin, Charles,$d1809-1882$xInfluence.
=650  \0$aEvolution (Biology)
=650  \0$aEvolution (Biology)$xReligious aspects.
=650  \0$aEvolution (Biology) in art.
=650  \0$aReligion and science.
=710  2\$aUK Web Archiving Consortium.
=852  41$aBritish Library$bHMNTS$jE-media
=856  40$uhttp://www.webarchive.org.uk/ukwa/collection/23855116/page/1
=859  \\$aXLD$bUK Web Archive
=CAT  \\$a8141$b40$c20101116$lBLL01$h1057
=CAT  \\$a11279$b40$c20110209$lBLL01$h1312
=CAT  \\$aWR13.117$c20130718$lBLL01$h1851
=CAT  \\$a11279$b40$c20200306$lBLL01$h1013
=FIN  \\$aY$d20101116
=FMT  \\$a  BK
=LAS  \\$a11279$b40$c20200306$lBLL01$h1013
=STA  \\$aSUPPRESSED$bNo longer required, new record created Jan 2020

