=LDR  01937 am a2200433 a 4500
=001  015694956
=003  Uk
=005  20200306101458.0
=006  m\\\\|\\\d\|\\\\\\
=007  cr||||||||||||
=008  101116s2010\\\\enk||||\s\\\\|0||\0|eng\\
=040  \\$aUk$beng$cUk
=042  \\$aukblsr
=082  04$a324.9411086$222
=245  00$aScottish Parliamentary election - 2007$h[electronic resource] :$brelated Internet sites.
=336  \\$atext$2rdacontent
=337  \\$acomputer$2rdamedia
=338  \\$aonline resource$2rdacarrier
=500  \\$aTitle from UKWAC Web Archive Collections page (viewed on 16 Nov., 2010).
=500  \\$aThese websites have been archived by the British Library as part of the UK Web Archiving Consortium and are located at http://www.webarchive.org.uk/ukwa/collection.
=520  \\$a"This collection of websites focuses on the 2007 Scottish Parliament election which was held on Thursday 3 May 2007 to elect members to the Scottish Parliament. The collection contains the websites of candidates campaign sites and party sites." - UKWAC website.
=538  \\$aMode of access: World Wide Web.
=610  10$aScotland.$bParliament$xElections, 2007.
=650  \0$aElections$zScotland.
=650  \0$aPolitical candidates$zScotland.
=650  \0$aPolitical parties$zGreat Britain$vPlatforms.
=651  \0$aScotland$xPolitics and government$y21st century.
=710  2\$aUK Web Archiving Consortium.
=852  41$aBritish Library$bHMNTS$jE-media
=856  40$uhttp://www.webarchive.org.uk/ukwa/collection/99033/page/1
=859  \\$aXLD$bUK Web Archive
=CAT  \\$a8141$b40$c20101116$lBLL01$h1121
=CAT  \\$a11279$b40$c20110209$lBLL01$h1315
=CAT  \\$aWR13.117$c20130718$lBLL01$h1851
=CAT  \\$a11279$b40$c20200306$lBLL01$h1014
=FIN  \\$aY$d20101116
=FMT  \\$a  BK
=LAS  \\$a11279$b40$c20200306$lBLL01$h1014
=STA  \\$aSUPPRESSED$bNo longer required, new record created Jan 2020

