=LDR  02316 am a22004933a 4500
=001  014277601
=003  Uk
=005  20200306100605.0
=006  m\\\\|\\\d\|\\\\\\
=007  cr||||||||||||
=008  071107s2007\\\\enk||||\s||||\00|\0\eng\\
=040  \\$aUk$beng$cUk
=042  \\$aukblsr
=082  04$a333.70941$222
=245  00$aBritish countryside$h[electronic resource] :$brelated Internet sites.
=336  \\$atext$2rdacontent
=337  \\$acomputer$2rdamedia
=338  \\$aonline resource$2rdacarrier
=500  \\$aThese web sites have been archived by the British Library as part of the UK Web Archiving Consortium and are located at http://www.webarchive.org.uk/ukwa/collection
=520  \\$a"Collection of Internet sites selected around the theme of British Countryside intended to reflect a wide range of related issues such as rural economy, environment, wildlife, art, history and politics. Sites represent organisations such as wildlife groups, academic think tanks, agricultural consultants, national countryside groups, campaigning groups and tourist boards amongst others." - UKWAC website.
=650  \0$aRural development$zGreat Britain.
=650  \0$aRural development$xEnvironmental aspects$zGreat Britain.
=650  \0$aNature conservation$zGreat Britain.
=650  \0$aWildlife conservation$zGreat Britain.
=650  \0$aAgriculture$xEnvironmental aspects$zGreat Britain.
=650  \0$aAgriculture$xEconomic aspects$zGreat Britain.
=650  \0$aCountry life$zGreat Britain.
=650  \0$aEnvironmental policy$zGreat Britain.
=650  \0$aNatural history$zGreat Britain.
=651  \0$aGreat Britain$xRural conditions.
=651  \0$aGreat Britain$xEnvironmental conditions.
=710  2\$aUK Web Archiving Consortium.
=852  41$aBritish Library$bHMNTS$je-media
=856  40$uhttp://www.webarchive.org.uk/ukwa/collection/110213/page/1
=859  \\$aXLD$bUK Web Archive
=CAT  \\$a8141$b40$c20071107$lBLL01$h1413
=CAT  \\$a11279$b40$c20080408$lBLL01$h1420
=CAT  \\$a8141$b40$c20101109$lBLL01$h1417
=CAT  \\$aWR13.117$c20130718$lBLL01$h1851
=CAT  \\$a11279$b40$c20200306$lBLL01$h1006
=FIN  \\$aY$d20071107
=FMT  \\$a  BK
=LAS  \\$a11279$b40$c20200306$lBLL01$h1006
=STA  \\$aSUPPRESSED$bNo longer required, new record created Jan 2020

