=LDR  01806 am a2200373 a 4500
=001  014485434
=003  Uk
=005  20200306095536.0
=006  m\\\\|\\\d\|\\\\\\
=007  cr||||||||||||
=008  080107s2007\\\\enk||||\s||||\00|\0\eng\\
=FMT  \\$a  BK
=040  \\$aUk$beng$cUk
=042  \\$aukblsr
=082  04$a302.2310941$222
=245  00$aBlogs$h[electronic resource] :$brelated Internet sites.
=336  \\$atext$2rdacontent
=337  \\$acomputer$2rdamedia
=338  \\$aonline resource$2rdacarrier
=500  \\$aThese web sites have been archived by the British Library as part of the UK Web Archiving Consortium and are located at ttp://www.webarchive.org.uk/ukwa/collection
=520  \\$a"The UK Blogosphere (multiple connected communities of web logs) has burgeoned since the late 1990s and early 2000s, due in part to more straightforward publishing processes. This collection represents a cross section of UK web logs containing a wealth of material which will be of value to researchers now and in the future. This collection contains a wide variety of Blogs from news and political commentaries, sports and music Blogs to personal online diaries." - UKWAC website.
=650  \0$aBlogs$zGreat Britain.
=710  2\$aUK Web Archiving Consortium.
=856  40$uhttp://www.webarchive.org.uk/ukwa/collection/100698/page/1
=859  \\$aXLD$bUK Web Archive
=852  41$aBritish Library$bHMNTS$je-media
=CAT  \\$a8141$b40$c20080107$lBLL01$h1102
=CAT  \\$a11279$b40$c20080408$lBLL01$h1419
=CAT  \\$a8141$b40$c20101109$lBLL01$h1414
=CAT  \\$aWR13.117$c20130718$lBLL01$h1851
=CAT  \\$a11279$b40$c20200306$lBLL01$h0955
=FIN  \\$aY$d20080107
=STA  \\$aSUPPRESSED$bNo longer required, new record created Jan 2020
=LAS  \\$a11279$b40$c20200306$lBLL01$h0955

